@article{sahu2017ubiquity,
  title={The ubiquity of large graphs and surprising challenges of graph processing},
  author={Sahu, Siddhartha and Mhedhbi, Amine and Salihoglu, Semih and Lin, Jimmy and {\"O}zsu, M Tamer},
  journal={Proceedings of the VLDB Endowment},
  volume={11},
  number={4},
  pages={420--431},
  year={2017},
  publisher={VLDB Endowment}
}
@misc{awsS3,
  author = {AWS},
  title = {AWS S3},
  howpublished = {\url{https://aws.amazon.com/s3/}},
  urldate = {2024-07-27}
}
@misc{gcpStorage,
  author = {Google Cloud Platform},
  title = {Google Cloud Storage},
  howpublished = {\url{https://cloud.google.com/storage}},
  urldate = {2024-07-27}
}
@misc{azureStorage,
  author = {Azure},
  title = {Azure Blob storage},
  howpublished = {\url{https://azure.microsoft.com/en-us/products/storage/blobs}},
  urldate = {2024-07-27}
}
@misc{neonPostgres,
  author = {Neon},
  title = {Neon},
  howpublished = {\url{https://neon.tech/}},
  urldate = {2024-07-27}
}
@misc{snowflake,
  author = {Snowflake},
  title = {Snowflake},
  howpublished = {\url{https://www.snowflake.com/en/}},
  urldate = {2024-07-27}
}
@misc{flink,
  author = {Apache Software Foundation},
  title = {Apache Flink},
  howpublished = {\url{https://flink.apache.org/}},
  urldate = {2024-07-27}
}
